@book{von2013theory,
  title={The theory of money and credit},
  author={Von Mises, Ludwig},
  year={2009},
  publisher={Ludwig von Mises Institute}
}

@incollection{friedman1989quantity,
  title={Quantity theory of money},
  author={Friedman, Milton},
  booktitle={Money},
  pages={1--40},
  year={1989},
  publisher={Springer}
}

@article{ammous2018can,
  title={Can cryptocurrencies fulfil the functions of money?},
  author={Ammous, Saifedean},
  journal={The Quarterly Review of Economics and Finance},
  volume={70},
  pages={38--51},
  year={2018},
  publisher={Elsevier}
}

@misc{hardle2020understanding,
  title={Understanding cryptocurrencies},
  author={H{\"a}rdle, Wolfgang Karl and Harvey, Campbell R and Reule, Raphael CG},
  journal={Journal of Financial Econometrics},
  volume={18},
  number={2},
  pages={181--208},
  year={2020},
  publisher={Oxford University Press}
}

@article{hudak1992report,
  title={Report on the programming language Haskell: a non-strict, purely functional language version 1.2},
  author={Hudak, Paul and Peyton Jones, Simon and Wadler, Philip and Boutel, Brian and Fairbairn, Jon and Fasel, Joseph and Guzm{\'a}n, Mar{\'\i}a M and Hammond, Kevin and Hughes, John and Johnsson, Thomas and others},
  journal={ACM SigPlan notices},
  volume={27},
  number={5},
  pages={1--164},
  year={1992},
  publisher={ACM New York, NY, USA}
}

@book{jones2003haskell,
  title={Haskell 98 language and libraries: the revised report},
  author={Jones, Simon Peyton},
  year={2003},
  publisher={Cambridge University Press}
}

@article{marlow2010haskell,
  title={Haskell 2010 language report},
  author={Marlow, Simon and others},
  year={2010}
}

@book{jones2003haskell,
  title={Haskell 98 language and libraries: the revised report},
  author={Jones, Simon Peyton},
  year={2003},
  publisher={Cambridge University Press}
}

@article{peyton2000composing,
  title={Composing contracts: an adventure in financial engineering (functional pearl)},
  author={Peyton Jones, Simon and Eber, Jean-Marc and Seward, Julian},
  journal={ACM SIGPLAN Notices},
  volume={35},
  number={9},
  pages={280--292},
  year={2000},
  publisher={ACM New York, NY, USA}
}

@article{hughes2000generalising,
  title={Generalising monads to arrows},
  author={Hughes, John},
  journal={Science of computer programming},
  volume={37},
  number={1-3},
  pages={67--111},
  year={2000},
  publisher={Elsevier}
}


@article{buldas2021unifying,
  title={A Unifying Theory of Electronic Money and Payment Systems},
  author={Buldas, Ahto and Saarepera, M{\"a}rt and Steiner, Jamie and Draheim, Dirk},
  journal={TechRxiv. Preprint},
  volume={2021},
  year={2021}
}
